@ARTICLE{liu:interest,
	AUTHOR = " Xiaozhong Liu and Vadim von Brzeski",
	TITLE = "Computational Community Interest and Comments Centric Analysis Ranking",
}